<?xml version="1.0" encoding="UTF-8"?><collection xmlns="http://www.loc.gov/MARC21/slim"><record><leader>00763nam--2200193-i-4500</leader><controlfield tag="001">000002185</controlfield><controlfield tag="002">20161230</controlfield><controlfield tag="005">20161230201024</controlfield><controlfield tag="008">060222s1000------------r-----000-0-eng-d</controlfield><datafield ind1=" " ind2=" " tag="020"><subfield code="a">9971501260</subfield></datafield><datafield ind1=" " ind2=" " tag="040"><subfield code="a">IFIN-HH</subfield></datafield><datafield ind1=" " ind2=" " tag="080"><subfield code="a">539.12/.14(061.3)</subfield></datafield><datafield ind1="1" ind2=" " tag="100"><subfield code="a">Lim, Tech-kah</subfield></datafield><datafield ind1="1" ind2="0" tag="245"><subfield code="a">Few-body methods: principles and applications</subfield><subfield code="b">Proceedings of the international symposium on few-body methods and their applications in atomic, molecular &amp; nuclear physics, and chemistry, nanning, people's republic of china, august 4-10, 1985</subfield><subfield code="c">Tech-kah lim, cheng-guang bao, de-peng hou, stephen huber (eds.)</subfield></datafield><datafield ind1=" " ind2=" " tag="260"><subfield code="a">Singapore</subfield><subfield code="b">World Scientific</subfield><subfield code="c">1986</subfield></datafield><datafield ind1=" " ind2=" " tag="300"><subfield code="a">895P</subfield></datafield><datafield ind1="1" ind2=" " tag="700"><subfield code="a">Huber, Stephen</subfield><subfield code="e">Ed</subfield></datafield><datafield ind1=" " ind2=" " tag="852"><subfield code="a">79133</subfield><subfield code="c">539.12</subfield></datafield><datafield ind1=" " ind2=" " tag="CAT"><subfield code="a">Sys</subfield><subfield code="c">20120130</subfield><subfield code="h">161803</subfield></datafield></record></collection>